<?xml version="1.0" encoding="UTF-8"?><collection xmlns="http://www.loc.gov/MARC21/slim"><record><leader>00518nam--2200181-i-4500</leader><controlfield tag="001">000005878</controlfield><controlfield tag="002">20161230</controlfield><controlfield tag="005">20161230201026</controlfield><controlfield tag="008">060222s1000------------r-----000-0-eng-d</controlfield><datafield ind1=" " ind2=" " tag="040"><subfield code="a">IFIN-HH</subfield></datafield><datafield ind1=" " ind2=" " tag="080"><subfield code="a">538.3:538.556</subfield></datafield><datafield ind1="1" ind2=" " tag="100"><subfield code="a">Plonsey, Robert</subfield></datafield><datafield ind1="1" ind2="0" tag="245"><subfield code="a">Principles and applications of electromagnetic fields</subfield><subfield code="c">Robert plonsey; r.e. collin</subfield></datafield><datafield ind1=" " ind2=" " tag="260"><subfield code="a">New York</subfield><subfield code="b">Mcgraw-hill Book Company, Inc</subfield><subfield code="c">1961</subfield></datafield><datafield ind1=" " ind2=" " tag="300"><subfield code="a">XVI+443P</subfield></datafield><datafield ind1="1" ind2=" " tag="700"><subfield code="a">Collin, R.E</subfield></datafield><datafield ind1=" " ind2=" " tag="852"><subfield code="a">17234</subfield><subfield code="c">537:538</subfield></datafield><datafield ind1=" " ind2=" " tag="CAT"><subfield code="a">Sys</subfield><subfield code="c">20110610</subfield><subfield code="h">102504</subfield></datafield></record></collection>